
@misc{Authors14,
 author = {Authors},
 title = {The frobnicatable foo filter},
 note = {Face and Gesture  submission ID 324. Supplied as additional material {\tt fg324.pdf}},
 year = 2014
}

@misc{Authors14b,
 author = {Authors},
 title = {Frobnication tutorial},
 note = {Supplied as additional material {\tt tr.pdf}},
 year = 2014
}
@misc{small_universe,
    author = {彼岸},
    title = {蘇打綠小宇宙吉他譜},
    howpublished = {\url{https://www.52cmajor.com/tab/72415682514255873}},
}
@misc{river_flows_in_you,
    author = {Sungha Jung},
    title = {River Flows in You - Yiruma | Fingerstyle Guitar | Free Tab \& Sheet | Pdf \& Gp5},
    howpublished = {\url{https://www.youtube.com/watch?v=EEEWY6L2Afk}},
}

@misc{Tonara,
  title = {Tonara},
  howpublished = {\url{https://www.tonara.com/}},
}

@misc{Tonara2,
  title = {Perfect Hands on Piano.},
  howpublished = {\url{https://www.youtube.com/watch?v=WqWBTINXWBI&ab_channel=Tonara}},
}

@misc{GuitarPro,
    title = {Guitar Pro 7.5},
    howpublished = {\url{https://www.guitar-pro.com/}},
}

@misc{expert_system,
    author = {Chuanjun He}
    title = {An Expert System for Guitar Sheet Music to Guitar Tablature},
    year = 2013,
    howpublished = {\url{https://trace.tennessee.edu/utk_graddiss/1731}}
}

@article{omr_survey,
    author = {Rebelo, Ana and Fujinaga, Ichiro and Paszkiewicz, Filipe and Marçal, André and Guedes, Carlos and Cardoso, Jaime},
    year = {2012},
    month = {10},
    pages = {},
    title = {Optical music recognition: State-of-the-art and open issues},
    volume = {1},
    journal = {International Journal of Multimedia Information Retrieval},
    doi = {10.1007/s13735-012-0004-6}
}
@article{staff_detection,
author = {Cardoso, Jaime and Capela, Artur and Rebelo, Ana and Guedes, Carlos and Costa, Joaquim},
year = {2009},
month = {07},
pages = {1134-9},
title = {Staff Detection with Stable Paths},
volume = {31},
journal = {IEEE transactions on pattern analysis and machine intelligence},
doi = {10.1109/TPAMI.2009.34}
}
