
@misc{Authors14,
 author = {Authors},
 title = {The frobnicatable foo filter},
 note = {Face and Gesture  submission ID 324. Supplied as additional material {\tt fg324.pdf}},
 year = 2014
}

@misc{Authors14b,
 author = {Authors},
 title = {Frobnication tutorial},
 note = {Supplied as additional material {\tt tr.pdf}},
 year = 2014
}
@misc{small_universe,
    author = {彼岸},
    title = {蘇打綠小宇宙吉他譜},
    howpublished = {\url{https://www.52cmajor.com/tab/72415682514255873}},
}
@misc{river_flows_in_you,
    author = {Sungha Jung},
    title = {River Flows in You - Yiruma | Fingerstyle Guitar | Free Tab \& Sheet | Pdf \& Gp5},
    howpublished = {\url{https://www.youtube.com/watch?v=EEEWY6L2Afk}},
}

@misc{Tonara,
  title = {Tonara},
  howpublished = {\url{https://www.tonara.com/}},
}

@misc{Tonara2,
  title = {Perfect Hands on Piano.},
  howpublished = {\url{https://www.youtube.com/watch?v=WqWBTINXWBI&ab_channel=Tonara}},
}

@misc{GuitarPro,
    title = {Guitar Pro 7.5},
    howpublished = {\url{https://www.guitar-pro.com/}},
}
